@BOOK{Tufte2006,
    author = {Edward R. Tufte},
    title = {Beautiful Evidence},
    year = {2006},
    publisher = {Graphics Press, {LLC}},
    month = {May},
    edition = {First},
    place = {Cheshire, Connecticut},
    isbn = {0-9613921-7-7}
}

@article{Breiman2001,
    author = {Breiman, Leo},
    title = {Random Forests},
    journal = {Mach. Learn.},
    issue_date = {October 1 2001},
    volume = {45},
    number = {1},
    month = oct,
    year = {2001},
    issn = {0885-6125},
    pages = {5--32},
    numpages = {28},
    url = {http://dx.doi.org/10.1023/A:1010933404324},
    doi = {10.1023/A:1010933404324},
    acmid = {570182},
    publisher = {Kluwer Academic Publishers},
    address = {Hingham, MA, USA},
    keywords = {classification, ensemble, regression},
} 


